{
  "leader": "04728cam a2200565Ia 4500",
  "fields": [
    {
      "001": "ocm51967417\\"
    },
    {
      "003": "OCoLC"
    },
    {
      "005": "20220627093025.0"
    },
    {
      "008": "030325s2003\\\\\\\\enka\\\\\\\\\\b\\\\\\\\001\\0\\eng\\\\"
    },
    {
      "010": {
        "ind1": "\\",
        "ind2": "\\",
        "subfields": [
          {
            "a": "  2003048460"
          }
        ]
      }
    },
    {
      "040": {
        "ind1": "\\",
        "ind2": "\\",
        "subfields": [
          {
            "a": "DLC"
          },
          {
            "b": "eng"
          },
          {
            "c": "DLC"
          },
          {
            "d": "UKM"
          },
          {
            "d": "C#P"
          },
          {
            "d": "CKX"
          },
          {
            "d": "BAKER"
          },
          {
            "d": "NLGGC"
          },
          {
            "d": "BTCTA"
          },
          {
            "d": "LVB"
          },
          {
            "d": "YDXCP"
          },
          {
            "d": "UQ1"
          },
          {
            "d": "IG#"
          },
          {
            "d": "STF"
          },
          {
            "d": "HEBIS"
          },
          {
            "d": "OCLCQ"
          },
          {
            "d": "ZWZ"
          },
          {
            "d": "OCLCQ"
          },
          {
            "d": "SYB"
          },
          {
            "d": "OCLCF"
          },
          {
            "d": "OCLCO"
          },
          {
            "d": "ZCL"
          },
          {
            "d": "BDX"
          },
          {
            "d": "OCLCQ"
          },
          {
            "d": "OCLCO"
          },
          {
            "d": "OCLCQ"
          },
          {
            "d": "OCL"
          },
          {
            "d": "CNUTO"
          },
          {
            "d": "OCLCQ"
          },
          {
            "d": "TLE"
          },
          {
            "d": "OCLCO"
          },
          {
            "d": "XFH"
          },
          {
            "d": "SAV"
          },
          {
            "d": "UX0"
          },
          {
            "d": "XBE"
          },
          {
            "d": "CWI"
          },
          {
            "d": "OCLCQ"
          },
          {
            "d": "OCLCA"
          },
          {
            "d": "L2U"
          },
          {
            "d": "LUN"
          },
          {
            "d": "OCLCO"
          }
        ]
      }
    },
    {
      "016": {
        "ind1": "7",
        "ind2": "\\",
        "subfields": [
          {
            "a": "011620664"
          },
          {
            "2": "Uk"
          }
        ]
      }
    },
    {
      "019": {
        "ind1": "\\",
        "ind2": "\\",
        "subfields": [
          {
            "a": "171135999"
          },
          {
            "a": "183924568"
          },
          {
            "a": "223437213"
          },
          {
            "a": "316578277"
          },
          {
            "a": "902983656"
          },
          {
            "a": "978050522"
          },
          {
            "a": "978918153"
          },
          {
            "a": "980012847"
          },
          {
            "a": "986560229"
          },
          {
            "a": "986919888"
          },
          {
            "a": "995200057"
          },
          {
            "a": "1004478555"
          },
          {
            "a": "1004488606"
          },
          {
            "a": "1004623010"
          },
          {
            "a": "1004923022"
          },
          {
            "a": "1022629607"
          },
          {
            "a": "1024098192"
          },
          {
            "a": "1025469429"
          },
          {
            "a": "1029365821"
          },
          {
            "a": "1034964541"
          },
          {
            "a": "1038140508"
          },
          {
            "a": "1043483373"
          },
          {
            "a": "1044199674"
          },
          {
            "a": "1049128371"
          },
          {
            "a": "1049783995"
          },
          {
            "a": "1051630300"
          },
          {
            "a": "1055056736"
          },
          {
            "a": "1056313181"
          },
          {
            "a": "1080852835"
          },
          {
            "a": "1081069730"
          },
          {
            "a": "1082494647"
          },
          {
            "a": "1083412093"
          },
          {
            "a": "1167140986"
          }
        ]
      }
    },
    {
      "020": {
        "ind1": "\\",
        "ind2": "\\",
        "subfields": [
          {
            "a": "0521828783"
          }
        ]
      }
    },
    {
      "020": {
        "ind1": "\\",
        "ind2": "\\",
        "subfields": [
          {
            "a": "9780521828789"
          }
        ]
      }
    },
    {
      "020": {
        "ind1": "\\",
        "ind2": "\\",
        "subfields": [
          {
            "a": "0521535689"
          },
          {
            "q": "(pbk.)"
          }
        ]
      }
    },
    {
      "020": {
        "ind1": "\\",
        "ind2": "\\",
        "subfields": [
          {
            "a": "9780521535687"
          },
          {
            "q": "(pbk.)"
          }
        ]
      }
    },
    {
      "020": {
        "ind1": "\\",
        "ind2": "\\",
        "subfields": [
          {
            "z": "0511071310"
          }
        ]
      }
    },
    {
      "020": {
        "ind1": "\\",
        "ind2": "\\",
        "subfields": [
          {
            "z": "9780511071317"
          }
        ]
      }
    },
    {
      "035": {
        "ind1": "\\",
        "ind2": "\\",
        "subfields": [
          {
            "a": "(OCoLC)51967417"
          },
          {
            "z": "(OCoLC)171135999"
          },
          {
            "z": "(OCoLC)183924568"
          },
          {
            "z": "(OCoLC)223437213"
          },
          {
            "z": "(OCoLC)316578277"
          },
          {
            "z": "(OCoLC)902983656"
          },
          {
            "z": "(OCoLC)978050522"
          },
          {
            "z": "(OCoLC)978918153"
          },
          {
            "z": "(OCoLC)980012847"
          },
          {
            "z": "(OCoLC)986560229"
          },
          {
            "z": "(OCoLC)986919888"
          },
          {
            "z": "(OCoLC)995200057"
          },
          {
            "z": "(OCoLC)1004478555"
          },
          {
            "z": "(OCoLC)1004488606"
          },
          {
            "z": "(OCoLC)1004623010"
          },
          {
            "z": "(OCoLC)1004923022"
          },
          {
            "z": "(OCoLC)1022629607"
          },
          {
            "z": "(OCoLC)1024098192"
          },
          {
            "z": "(OCoLC)1025469429"
          },
          {
            "z": "(OCoLC)1029365821"
          },
          {
            "z": "(OCoLC)1034964541"
          },
          {
            "z": "(OCoLC)1038140508"
          },
          {
            "z": "(OCoLC)1043483373"
          },
          {
            "z": "(OCoLC)1044199674"
          },
          {
            "z": "(OCoLC)1049128371"
          },
          {
            "z": "(OCoLC)1049783995"
          },
          {
            "z": "(OCoLC)1051630300"
          },
          {
            "z": "(OCoLC)1055056736"
          },
          {
            "z": "(OCoLC)1056313181"
          },
          {
            "z": "(OCoLC)1080852835"
          },
          {
            "z": "(OCoLC)1081069730"
          },
          {
            "z": "(OCoLC)1082494647"
          },
          {
            "z": "(OCoLC)1083412093"
          },
          {
            "z": "(OCoLC)1167140986"
          }
        ]
      }
    },
    {
      "042": {
        "ind1": "\\",
        "ind2": "\\",
        "subfields": [
          {
            "a": "pcc"
          }
        ]
      }
    },
    {
      "043": {
        "ind1": "\\",
        "ind2": "\\",
        "subfields": [
          {
            "a": "n-us---"
          }
        ]
      }
    },
    {
      "050": {
        "ind1": "0",
        "ind2": "0",
        "subfields": [
          {
            "a": "HV741"
          },
          {
            "b": ".S383 2003"
          }
        ]
      }
    },
    {
      "082": {
        "ind1": "0",
        "ind2": "0",
        "subfields": [
          {
            "a": "362.709730904"
          },
          {
            "b": "SEA"
          }
        ]
      }
    },
    {
      "100": {
        "ind1": "1",
        "ind2": "\\",
        "subfields": [
          {
            "a": "Sealander, Judith."
          }
        ]
      }
    },
    {
      "245": {
        "ind1": "1",
        "ind2": "4",
        "subfields": [
          {
            "a": "The failed century of the child :"
          },
          {
            "b": "governing America's young in the twentieth century /"
          },
          {
            "c": "Judith Sealander."
          }
        ]
      }
    },
    {
      "260": {
        "ind1": "\\",
        "ind2": "\\",
        "subfields": [
          {
            "a": "Cambridge UK ;"
          },
          {
            "a": "New York :"
          },
          {
            "b": "Cambridge University Press,"
          },
          {
            "c": "2003."
          }
        ]
      }
    },
    {
      "300": {
        "ind1": "\\",
        "ind2": "\\",
        "subfields": [
          {
            "a": "x, 374 pages :"
          },
          {
            "b": "illustrations ;"
          },
          {
            "c": "23 cm"
          }
        ]
      }
    },
    {
      "336": {
        "ind1": "\\",
        "ind2": "\\",
        "subfields": [
          {
            "a": "text"
          },
          {
            "b": "txt"
          },
          {
            "2": "rdacontent"
          }
        ]
      }
    },
    {
      "337": {
        "ind1": "\\",
        "ind2": "\\",
        "subfields": [
          {
            "a": "unmediated"
          },
          {
            "b": "n"
          },
          {
            "2": "rdamedia"
          }
        ]
      }
    },
    {
      "338": {
        "ind1": "\\",
        "ind2": "\\",
        "subfields": [
          {
            "a": "volume"
          },
          {
            "b": "nc"
          },
          {
            "2": "rdacarrier"
          }
        ]
      }
    },
    {
      "504": {
        "ind1": "\\",
        "ind2": "\\",
        "subfields": [
          {
            "a": "Includes bibliographical references and index."
          }
        ]
      }
    },
    {
      "505": {
        "ind1": "0",
        "ind2": "\\",
        "subfields": [
          {
            "a": "pt. I. Children's welfare. -- Juvenile justice: from \"child saving\" to \"public accountability\" -- \"The Pontius Pilate routine\": government responses to child abuse -- \"Illusory promises\": state aid to poor children -- pt. II. Children's Work. -- \"Inducting into adulthood\": state reactions to the labor of children and adolescents -- pt. III. Children's education. -- \"Laying down principles in the dark\": the consequences of compulsory secondary education -- The return of the infant school: twentieth century preschool education -- Public education of disabled children: \"rewriting one of the saddest chapters\" -- pt. IV. Children's health. -- \"Shaped up\" by the state: government attempts to improve children's diets, exercise regimes, and physical fitness -- Mandatory medicine: twentieth-century childhood immunization -- Conclusion: two cheers for a \"failed\" century."
          }
        ]
      }
    },
    {
      "520": {
        "ind1": "\\",
        "ind2": "\\",
        "subfields": [
          {
            "a": "Between 1900 and 2000 an unprecedented effort to use state regulation to guarantee health, opportunity, and security to America's children failed to reach its goals. This account of the period reveals that the achievements envisioned were extremely ambitious and reflected entrenched, but self-contradictory, values as well as Americans' inconsistent expectations of government. Based on extensive research, the volume analyzes the period's public policies that affected children's welfare, work, education, and health."
          }
        ]
      }
    },
    {
      "650": {
        "ind1": "\\",
        "ind2": "0",
        "subfields": [
          {
            "a": "Children"
          },
          {
            "x": "Government policy"
          },
          {
            "z": "United States"
          },
          {
            "x": "History"
          },
          {
            "y": "20th century."
          }
        ]
      }
    },
    {
      "650": {
        "ind1": "\\",
        "ind2": "0",
        "subfields": [
          {
            "a": "Child welfare"
          },
          {
            "z": "United States"
          },
          {
            "x": "History"
          },
          {
            "y": "20th century."
          }
        ]
      }
    },
    {
      "650": {
        "ind1": "\\",
        "ind2": "0",
        "subfields": [
          {
            "a": "Children"
          },
          {
            "x": "Services for"
          },
          {
            "z": "United States"
          },
          {
            "x": "History"
          },
          {
            "y": "20th century."
          }
        ]
      }
    },
    {
      "650": {
        "ind1": "\\",
        "ind2": "7",
        "subfields": [
          {
            "a": "Child welfare."
          },
          {
            "2": "fast"
          },
          {
            "0": "(OCoLC)fst00854709"
          }
        ]
      }
    },
    {
      "650": {
        "ind1": "\\",
        "ind2": "7",
        "subfields": [
          {
            "a": "Children"
          },
          {
            "x": "Government policy."
          },
          {
            "2": "fast"
          },
          {
            "0": "(OCoLC)fst00854942"
          }
        ]
      }
    },
    {
      "650": {
        "ind1": "\\",
        "ind2": "7",
        "subfields": [
          {
            "a": "Children"
          },
          {
            "x": "Services for."
          },
          {
            "2": "fast"
          },
          {
            "0": "(OCoLC)fst00855120"
          }
        ]
      }
    },
    {
      "651": {
        "ind1": "\\",
        "ind2": "7",
        "subfields": [
          {
            "a": "United States."
          },
          {
            "2": "fast"
          },
          {
            "0": "(OCoLC)fst01204155"
          }
        ]
      }
    },
    {
      "648": {
        "ind1": "\\",
        "ind2": "7",
        "subfields": [
          {
            "a": "1900-1999"
          },
          {
            "2": "fast"
          }
        ]
      }
    },
    {
      "655": {
        "ind1": "\\",
        "ind2": "7",
        "subfields": [
          {
            "a": "History."
          },
          {
            "2": "fast"
          },
          {
            "0": "(OCoLC)fst01411628"
          }
        ]
      }
    },
    {
      "856": {
        "ind1": "4",
        "ind2": "1",
        "subfields": [
          {
            "3": "MyiLibrary"
          },
          {
            "u": "http://www.myilibrary.com?id=16155"
          }
        ]
      }
    },
    {
      "856": {
        "ind1": "4",
        "ind2": "1",
        "subfields": [
          {
            "3": "Table of contents"
          },
          {
            "u": "http://catdir.loc.gov/catdir/toc/cam032/2003048460.html"
          }
        ]
      }
    },
    {
      "856": {
        "ind1": "4",
        "ind2": "2",
        "subfields": [
          {
            "3": "Book review (H-Net)"
          },
          {
            "u": "http://www.h-net.org/review/hrev-a0f2q4-aa"
          }
        ]
      }
    },
    {
      "856": {
        "ind1": "4",
        "ind2": "2",
        "subfields": [
          {
            "3": "Publisher description"
          },
          {
            "u": "http://catdir.loc.gov/catdir/description/cam032/2003048460.html"
          }
        ]
      }
    },
    {
      "994": {
        "ind1": "\\",
        "ind2": "\\",
        "subfields": [
          {
            "a": "Z0"
          },
          {
            "b": "NYRVC"
          }
        ]
      }
    },
    {
      "948": {
        "ind1": "\\",
        "ind2": "\\",
        "subfields": [
          {
            "h": "NO HOLDINGS IN NYRVC - 552 OTHER HOLDINGS"
          }
        ]
      }
    },
    {
      "999": {
        "ind1": "\\",
        "ind2": "\\",
        "subfields": [
          {
            "a": "00000000013366"
          }
        ]
      }
    }
  ]
}